<?xml version="1.0" encoding="UTF-8"?><collection xmlns="http://www.loc.gov/MARC21/slim"><record><leader>00465nam--2200193-u-4500</leader><controlfield tag="001">000050456</controlfield><controlfield tag="002">20161230</controlfield><controlfield tag="003">81857</controlfield><controlfield tag="005">20161230201048</controlfield><controlfield tag="008">070322s1000------------r-----000-0-eng-d</controlfield><datafield ind1=" " ind2=" " tag="020"><subfield code="a">0387989080</subfield></datafield><datafield ind1=" " ind2=" " tag="040"><subfield code="a">IFIN-HH</subfield></datafield><datafield ind1=" " ind2=" " tag="080"><subfield code="a">52-323.8:521.1</subfield></datafield><datafield ind1="1" ind2=" " tag="100"><subfield code="a">Tan, A</subfield></datafield><datafield ind1="1" ind2="0" tag="245"><subfield code="a">Theory of orbital motion</subfield><subfield code="c">Arjun tan</subfield></datafield><datafield ind1=" " ind2=" " tag="260"><subfield code="a">New Jersey</subfield><subfield code="b">World Scientific</subfield><subfield code="c">2008</subfield></datafield><datafield ind1=" " ind2=" " tag="300"><subfield code="a">281p</subfield></datafield><datafield ind1=" " ind2=" " tag="852"><subfield code="a">82206</subfield><subfield code="c">521/522</subfield></datafield><datafield ind1=" " ind2=" " tag="CAT"><subfield code="a">Sys</subfield><subfield code="c">20130827</subfield><subfield code="h">165841</subfield></datafield></record></collection>